@inbook{WhoNudge,
   author = {Abdukadirov, Sherzod},
   title = {Who Should Nudge?},
   booktitle = {Nudge Theory in Action: Behavioral Design in Policy and Markets},
   publisher = {Springer International Publishing},
   address = {Cham},
   pages = {159-191},
   ISBN = {978-3-319-31319-1},
   DOI = {10.1007/978-3-319-31319-1_7},
   url = {https://doi.org/10.1007/978-3-319-31319-1_7
https://link.springer.com/chapter/10.1007\%2F978-3-319-31319-1_7},
   year = {2016},
   type = {Book Section}
}

@inbook{PrivateSector,
   author = {Beggs, Jodi N.},
   title = {Private-Sector Nudging: The Good, the Bad, and the Uncertain},
   booktitle = {Nudge Theory in Action: Behavioral Design in Policy and Markets},
   publisher = {Springer International Publishing},
   address = {Cham},
   pages = {125-158},
   ISBN = {978-3-319-31319-1},
   DOI = {10.1007/978-3-319-31319-1_6},
   url = {https://doi.org/10.1007/978-3-319-31319-1_6
https://link.springer.com/chapter/10.1007\%2F978-3-319-31319-1_6},
   year = {2016},
   type = {Book Section}
}

@article{SecurityAdmin,
   author = {Gregor, Shirley and Lee-Archer, Brian},
   title = {The digital nudge in social security administration},
   volume = {69},
   journal = {International  Social  Security  Review},
   number = {3-4},
   pages = {63-83},
   ISSN = {0020-871X},
   DOI = {10.1111/issr.12111},
   url = {https://onlinelibrary.wiley.com/doi/abs/10.1111/issr.12111},
   year = {2016},
   type = {Journal Article}
}

@article{Mechanism,
   author = {Kosters, Mark and Van Der Heijden, Jeroen},
   title = {From mechanism to virtue: Evaluating Nudge theory},
   journal = {Evaluation},
   volume = {21},
   number = {3},
   pages = {276-291},
   ISSN = {1356-3890},
   DOI = {10.1177/1356389015590218},
   url = {https://qut.primo.exlibrisgroup.com/discovery/fulldisplay?docid=sage_s10_1177_1356389015590218&context=PC&vid=61QUT_INST:61QUT&search_scope=MyInst_and_CI&tab=Everything&lang=en},
   year = {2015},
   type = {Journal Article}
}

@book{HealthWealth,
   author = {Thaler, Richard H.},
   title = {Nudge : improving decisions about health, wealth, and happiness},
   publisher = {Yale University Press},
   address = {New Haven},
   ISBN = {9780300122237},
   url = {https://qut.primo.exlibrisgroup.com/discovery/fulldisplay?docid=alma991000521159704001&context=L&vid=61QUT_INST:61QUT&search_scope=MyInst_and_CI&tab=Everything&lang=en},
   year = {2008},
   type = {Book}
}

@inbook{BehaveNudge,
   author = {Wendel, Steve},
   title = {Behavioral Nudges and Consumer Technology},
   booktitle = {Nudge Theory in Action: Behavioral Design in Policy and Markets},
   publisher = {Springer International Publishing},
   address = {Cham},
   pages = {95-123},
   ISBN = {978-3-319-31319-1},
   DOI = {10.1007/978-3-319-31319-1_5},
   url = {https://doi.org/10.1007/978-3-319-31319-1_5
https://link.springer.com/chapter/10.1007\%2F978-3-319-31319-1_5},
   year = {2016},
   type = {Book Section}
}

@inbook{CampaignCreation,
    author = {Dave Walters}, 
    publisher = {John Wiley and Sons, Ltd},
    isbn = {9781119170440},
    title = {Campaign Creation: Segments, Logic, and Automation Are Your Friends, and Great Creative Matters More Than Ever},
    booktitle = {Behavioral Marketing},
    chapter = {10},
    pages = {135-148},
    doi = {10.1002/9781119170440.ch10},
    url = {https://onlinelibrary.wiley.com/doi/abs/10.1002/9781119170440.ch10},
    eprint = {https://onlinelibrary.wiley.com/doi/pdf/10.1002/9781119170440.ch10},
    year = {2015}
}

@article{BioMed,
    title = {A comparison of models for predicting early hospital readmissions},
    journal = {Journal of Biomedical Informatics},
    volume = {56},
    pages = {229 - 238},
    year = {2015},
    issn = {1532-0464},
    doi = {https://doi.org/10.1016/j.jbi.2015.05.016},
    url = {http://www.sciencedirect.com/science/article/pii/S1532046415000969},
    author = {Joseph Futoma and Jonathan Morris and Joseph Lucas},
    keywords = {Electronic Health Records, Early readmission, Penalized methods, Random forest, Deep learning, Predictive models}
}

@article{FakeNews,
    Author = {Allcott, Hunt and Gentzkow, Matthew},
    Title = {Social Media and Fake News in the 2016 Election},
    Journal = {Journal of Economic Perspectives},
    Volume = {31},
    Number = {2},
    Year = {2017},
    Month = {May},
    Pages = {211-36},
    DOI = {10.1257/jep.31.2.211},
    URL = {http://www.aeaweb.org/articles?id=10.1257/jep.31.2.211}
}

@article {Lazer1094,
	author = {Lazer, David M. J. and Baum, Matthew A. and Benkler, Yochai and Berinsky, Adam J. and Greenhill, Kelly M. and Menczer, Filippo and Metzger, Miriam J. and Nyhan, Brendan and Pennycook, Gordon and Rothschild, David and Schudson, Michael and Sloman, Steven A. and Sunstein, Cass R. and Thorson, Emily A. and Watts, Duncan J. and Zittrain, Jonathan L.},
	title = {The science of fake news},
	volume = {359},
	number = {6380},
	pages = {1094--1096},
	year = {2018},
	doi = {10.1126/science.aao2998},
	publisher = {American Association for the Advancement of Science},
	issn = {0036-8075},
	URL = {http://science.sciencemag.org/content/359/6380/1094},
	eprint = {http://science.sciencemag.org/content/359/6380/1094.full.pdf},
	journal = {Science}
}

@article{OPower,
    title = {Social norms and energy conservation},
    journal = {Journal of Public Economics},
    volume = {95},
    number = {9},
    pages = {1082 - 1095},
    year = {2011},
    note = {Special Issue: The Role of Firms in Tax Systems},
    issn = {0047-2727},
    doi = {https://doi.org/10.1016/j.jpubeco.2011.03.003},
    url = {http://www.sciencedirect.com/science/article/pii/S0047272711000478},
    author = {Hunt Allcott},
}


@Article{Facebook,
    AUTHOR = {Biolcati, Roberta and Mancini, Giacomo and Pupi, Virginia and Mugheddu, Valeria},
    TITLE = {Facebook Addiction: Onset Predictors},
    JOURNAL = {Journal of Clinical Medicine},
    VOLUME = {7},
    YEAR = {2018},
    NUMBER = {6},
    ARTICLE-NUMBER = {118},
    URL = {http://www.mdpi.com/2077-0383/7/6/118},
    PubMedID = {29882872},
    ISSN = {2077-0383},
    DOI = {10.3390/jcm7060118}
}
@Inbook{Trump,
    author={Pybus, Jennifer},
    title={Trump, the First Facebook President: Why Politicians Need Our Data Too},
    bookTitle={Trump's Media War},
    year={2019},
    publisher={Springer International Publishing},
    address={Cham},
    pages={227--240},
    isbn={978-3-319-94069-4},
    doi={10.1007/978-3-319-94069-4_14},
    url={https://doi.org/10.1007/978-3-319-94069-4_14}
}

@article{Stealth,
title = "Stealth marketing as a strategy",
journal = "Business Horizons",
volume = "53",
number = "1",
pages = "69 - 79",
year = "2010",
issn = "0007-6813",
doi = "https://doi.org/10.1016/j.bushor.2009.09.004",
url = "http://www.sciencedirect.com/science/article/pii/S0007681309001438",
author = "Abhijit Roy and Satya P. Chattopadhyay",
keywords = "Stealth marketing, Typology, Market orientation, Ethical considerations, Social responsibility"
}